<collection xmlns="http://www.loc.gov/MARC21/slim">
<record>
  <leader>01748nam0a2200337 i 450 </leader>
  <controlfield tag="001">IT\ICCU\CNCE\050036</controlfield>
  <controlfield tag="005">20141003000000.0</controlfield>
  <datafield tag="012" ind1=" " ind2=" ">
    <subfield code="a">ueo, icon e.e, Podo (C) 1589 (A)</subfield>
    <subfield code="2">fei</subfield>
  </datafield>
  <datafield tag="100" ind1=" " ind2=" ">
    <subfield code="a">19991213d1589        0itac0103    ba</subfield>
  </datafield>
  <datafield tag="101" ind1=" " ind2=" ">
    <subfield code="a">ITA</subfield>
  </datafield>
  <datafield tag="102" ind1=" " ind2=" ">
    <subfield code="a">IT</subfield>
  </datafield>
  <datafield tag="200" ind1="1" ind2=" ">
    <subfield code="a">Descrizione dell&apos;apparato. E degl&apos;intermedi. Fatti per la commedia rappresentata in Firenze. Nelle nozze de&apos; serenissimi don Ferdinando Medici, e madama Christina di Loreno, gran duchi di Toscana</subfield>
  </datafield>
  <datafield tag="210" ind1=" " ind2=" ">
    <subfield code="a">In Milano</subfield>
    <subfield code="c">appresso Giacomo Piccaglia</subfield>
    <subfield code="d">1589</subfield>
  </datafield>
  <datafield tag="215" ind1=" " ind2=" ">
    <subfield code="a">\4!, 52 p.</subfield>
    <subfield code="d">4ʻ</subfield>
  </datafield>
  <datafield tag="300" ind1=" " ind2=" ">
    <subfield code="a">Per l&apos;autore cfr.: Dizionario biografico degli italiani, v. 39, p. 183</subfield>
  </datafield>
  <datafield tag="620" ind1=" " ind2=" ">
    <subfield code="a">IT</subfield>
    <subfield code="d">Milano</subfield>
  </datafield>
  <datafield tag="700" ind1=" " ind2="1">
    <subfield code="a">De_Rossi,</subfield>
    <subfield code="b">Bastiano</subfield>
    <subfield code="3">IT\ICCU\CNCA\006772</subfield>
  </datafield>
  <datafield tag="712" ind1="0" ind2="0">
    <subfield code="a">Piccaglia, Giacomo</subfield>
    <subfield code="3">IT\ICCU\CNCT\000413</subfield>
    <subfield code="4">650</subfield>
  </datafield>
  <datafield tag="790" ind1=" " ind2="1">
    <subfield code="a">Rossi,</subfield>
    <subfield code="b">Bastiano : de&apos;</subfield>
    <subfield code="3">IT\ICCU\CNCA\015315</subfield>
    <subfield code="z">De_Rossi, Bastiano</subfield>
  </datafield>
  <datafield tag="791" ind1="0" ind2="0">
    <subfield code="a">Picalea, Iacobus</subfield>
    <subfield code="3">IT\ICCU\CNCT\002508</subfield>
    <subfield code="z">Piccaglia, Giacomo</subfield>
  </datafield>
  <datafield tag="791" ind1="0" ind2="0">
    <subfield code="a">Piccaia, Giacomo</subfield>
    <subfield code="3">IT\ICCU\CNCT\002509</subfield>
    <subfield code="z">Piccaglia, Giacomo</subfield>
  </datafield>
  <datafield tag="791" ind1="0" ind2="0">
    <subfield code="a">Picaglia, Giacomo</subfield>
    <subfield code="3">IT\ICCU\CNCT\005418</subfield>
    <subfield code="z">Piccaglia, Giacomo</subfield>
  </datafield>
  <datafield tag="791" ind1="0" ind2="0">
    <subfield code="a">Piccaius, Iacobus</subfield>
    <subfield code="3">IT\ICCU\CNCT\005419</subfield>
    <subfield code="z">Piccaglia, Giacomo</subfield>
  </datafield>
  <datafield tag="791" ind1="0" ind2="0">
    <subfield code="a">Piccalia, Iacobus</subfield>
    <subfield code="3">IT\ICCU\CNCT\005420</subfield>
    <subfield code="z">Piccaglia, Giacomo</subfield>
  </datafield>
  <datafield tag="801" ind1=" " ind2="3">
    <subfield code="a">IT</subfield>
    <subfield code="b">ICCU</subfield>
    <subfield code="c">20201115</subfield>
  </datafield>
  <datafield tag="899" ind1=" " ind2=" ">
    <subfield code="a">Biblioteca civica A. Mai. Bergamo</subfield>
    <subfield code="1">BG0026</subfield>
    <subfield code="2">LO1 02</subfield>
  </datafield>
  <datafield tag="899" ind1=" " ind2=" ">
    <subfield code="a">Biblioteca nazionale Braidense. Milano</subfield>
    <subfield code="1">MI0185</subfield>
    <subfield code="2">MIL NB</subfield>
  </datafield>
  <datafield tag="899" ind1=" " ind2=" ">
    <subfield code="a">Biblioteca capitolare Fabroniana. Pistoia</subfield>
    <subfield code="1">PT0026</subfield>
    <subfield code="2">RT1 LB</subfield>
  </datafield>
  <datafield tag="899" ind1=" " ind2=" ">
    <subfield code="a">Biblioteca universitaria. Pavia</subfield>
    <subfield code="1">PV0291</subfield>
    <subfield code="2">MIL UP</subfield>
  </datafield>
  <datafield tag="911" ind1=" " ind2=" ">
    <subfield code="a">sul front.</subfield>
    <subfield code="9">IT\ICCU\CNCM\000852</subfield>
  </datafield>
  <datafield tag="921" ind1=" " ind2=" ">
    <subfield code="a">IT\ICCU\CNCM\000852</subfield>
    <subfield code="b">Fenice su fiamme, rivolta al sole. In cornice figurata</subfield>
    <subfield code="e">Interiora vigent</subfield>
    <subfield code="c">Z548</subfield>
    <subfield code="d">Dimensioni: 8 x 11</subfield>
    <subfield code="f">FENICE</subfield>
    <subfield code="f">FIAMME</subfield>
    <subfield code="f">SOLE</subfield>
    <subfield code="g">1553-1589</subfield>
  </datafield>
</record>
</collection>
